@BOOK{dek,
   author = "Donald E. Knuth",
   title = "The Art of Computer Programming",
   year = "1973",
}

@BOOK{kigou,
   author = "Dummy Symbols",
   title = "＄￡（！？）♪§●□■、◇○◆。",
   year = "2020",
}

@book{nakano,
  author = "中野 賢",
  title = "日本語{\LaTeXe}ブック",
  year = "1996",
}
