% for pbibtex
@misc{title-author-j,
  author = "作者不詳",
  title = "寿限無 寿限無 寿限無 寿限無 寿限無 寿限無 寿限無 寿限無 寿限無 寿限無 寿限無 寿限無 寿限無 寿限無 寿限無 寿限無 寿限無 寿限無",
}

@misc{long-title-author-j,
  author = "どこかの誰か",
  title = "とてもとてもとてもとてもとてもとてもとてもとてもとてもとてもとてもとてもとてもとてもとてもとてもとてもとてもとてもとてもとてもとてもとても長い タイトル",
}

@misc{title-author,
  author = "Really Long Long Long Long Long Long Long Long Long Long Long Long Long Long Long Long Long Long Long Long Long Long Long Long Long Long Author",
  title = "Very very very very very very very very very very very very very very very very very very very very very very very very very very long title",
}

@misc{long-title-author,
  author = "Really Long Aaaaaaaaaaaaaaaaaaaaaaaaaaaaaaaaaaaaaaaaaaaaaaaaaaaaaaaaaaaaaaaaaaaaaaaaaaaaaaaaaaaaaaaaaaaaaaaaaaaaaaaaaaaaaaaaauthor",
  title = "Titleeeeeeeeeeeeeeeeeeeeeeeeeeeeeeeeeeeeeeeeeeeeeeeeeeeeeeeeeeeeeeeeeeeeeeeeeeeeeeeeeeeeeeeeeeeeeeeeeeeeeeeeeeeeeeeeee too",
}
