@Type{ascii,
  field	  = {ABC HIJ XYZ abc hij xyz {ACE} {ace}},
}

@Type{greek1,
  field	  = {ΑΒΓ ΠΡ ΣΤ ΧΨΩ αβγ πρ στ χψω {ΑΠΣ} {απσ}},
}

@Type{cyrillic1,
  field	  = {АБВ ОП РС ЭЮЯ абв оп рс эюя {АРЯ} {апя}},
}
