@Type{ascii-1000, field = {ACDE iouy}, }

@Type{latin1-2000, field = {¢£§±¶}, }

@Type{greek-1000, field = {ΑΒΓΔφχψω}, }

@Type{cyrillic-1000, field = {АБВГьэюя}, }

@Type{kana-1000, field = {あいうえゐゑをん}, }
@Type{kana-2000, field = {アイウエヰヱヲン}, }

@Type{hanzi-1000, field = {一二三四漆捌玖拾}, }

@Type{fullw-001, field = {＃}, }
@Type{fullw-002, field = {＠}, }
@Type{fullw-003, field = {Ａ}, }
@Type{fullw-004, field = {ｚ}, }
@Type{fullw-005, field = {￡}, }
@Type{fullw-007, field = {０}, }
@Type{fullw-008, field = {９}, }

@Type{symbol-105, field = {●}, }
@Type{symbol-106, field = {△}, }
@Type{symbol-107, field = {■}, }
@Type{symbol-108, field = {◇}, }
@Type{symbol-109, field = {＼}, }

