@Type{ascii,
  field = {ABCDEFG tuvwxyz},
}
@Type{ascii-a,
  field = {{AB}CDEFG tuvwx{yz}},
}
@Type{ascii-b,
  field = {{{AB}CD}EFG tuv{wx{yz}}},
}

@Type{greek,
  field = {ΑΒΓΔΕΖΗ στυφχψω},
}

@Type{cyrillic,
  field = {АБВГДЕЖ щъыьэюя},
}

@Type{kana,
  field = {あいうえおかき　ユヨワヰヱヲン},
}

@Type{hanzi,
  field = {一二三四五六七　肆伍陸漆捌玖拾},
}
@Type{hanzi-b,
  field = {{{一二}三四}五六七　肆伍陸{漆捌{玖拾}}},
}

@Type{brace-backslash2,
  field = "{\a}αあ{\b}βい{\c}γう",
}

@Type{brace-backslash3,
  field = "{\a}あα{\b}いβ{\c}うγ",
}

