@Type{ascii-1000, field = {ACDE iouy}, }

@Type{ascii-021, field = {!}, }
@Type{ascii-022, field = {"}, }
@Type{ascii-023, field = {#}, }
@Type{ascii-024, field = {$}, }
@Type{ascii-025, field = {%}, }
@Type{ascii-026, field = {&}, }
@Type{ascii-02A, field = {*}, }
@Type{ascii-02B, field = {+}, }
@Type{ascii-03C, field = {<}, }
@Type{ascii-03D, field = {=}, }
@Type{ascii-03E, field = {>}, }
@Type{ascii-03F, field = {?}, }
@Type{ascii-040, field = {@}, }
@Type{ascii-041, field = {A}, }
@Type{ascii-042, field = {B}, }
@Type{ascii-043, field = {C}, }
@Type{ascii-044, field = {D}, }
@Type{ascii-045, field = {E}, }
@Type{ascii-046, field = {F}, }
@Type{ascii-047, field = {G}, }
@Type{ascii-048, field = {H}, }
@Type{ascii-049, field = {I}, }
@Type{ascii-04A, field = {J}, }
@Type{ascii-04B, field = {K}, }
@Type{ascii-04C, field = {L}, }
@Type{ascii-04D, field = {M}, }
@Type{ascii-04E, field = {N}, }
@Type{ascii-04F, field = {O}, }
@Type{ascii-050, field = {P}, }
@Type{ascii-051, field = {Q}, }
@Type{ascii-052, field = {R}, }
@Type{ascii-053, field = {S}, }
@Type{ascii-054, field = {T}, }
@Type{ascii-055, field = {U}, }
@Type{ascii-056, field = {V}, }
@Type{ascii-057, field = {W}, }
@Type{ascii-058, field = {X}, }
@Type{ascii-059, field = {Y}, }
@Type{ascii-05A, field = {Z}, }
@Type{ascii-061, field = {a}, }
@Type{ascii-062, field = {b}, }
@Type{ascii-063, field = {c}, }
@Type{ascii-064, field = {d}, }
@Type{ascii-065, field = {e}, }
@Type{ascii-066, field = {f}, }
@Type{ascii-067, field = {g}, }
@Type{ascii-068, field = {h}, }
@Type{ascii-069, field = {i}, }
@Type{ascii-06A, field = {j}, }
@Type{ascii-06B, field = {k}, }
@Type{ascii-06C, field = {l}, }
@Type{ascii-06D, field = {m}, }
@Type{ascii-06E, field = {n}, }
@Type{ascii-06F, field = {o}, }
@Type{ascii-070, field = {p}, }
@Type{ascii-071, field = {q}, }
@Type{ascii-072, field = {r}, }
@Type{ascii-073, field = {s}, }
@Type{ascii-074, field = {t}, }
@Type{ascii-075, field = {u}, }
@Type{ascii-076, field = {v}, }
@Type{ascii-077, field = {w}, }
@Type{ascii-078, field = {x}, }
@Type{ascii-079, field = {y}, }
@Type{ascii-07A, field = {z}, }
@Type{ascii-000, field = {0}, }
@Type{ascii-001, field = {1}, }
@Type{ascii-002, field = {2}, }
@Type{ascii-003, field = {3}, }
@Type{ascii-004, field = {4}, }
@Type{ascii-005, field = {5}, }
@Type{ascii-006, field = {6}, }
@Type{ascii-007, field = {7}, }
@Type{ascii-008, field = {8}, }
@Type{ascii-009, field = {9}, }


@Type{greek-000, field = {Α}, }
@Type{greek-001, field = {Β}, }
@Type{greek-002, field = {Γ}, }
@Type{greek-003, field = {χ}, }
@Type{greek-004, field = {ψ}, }
@Type{greek-005, field = {ω}, }
@Type{greek-100, field = {ΑΒΓ χψω}, }

@Type{cyrillic-001, field = {А}, }
@Type{cyrillic-002, field = {Б}, }
@Type{cyrillic-003, field = {В}, }
@Type{cyrillic-004, field = {э}, }
@Type{cyrillic-005, field = {ю}, }
@Type{cyrillic-006, field = {я}, }
@Type{cyrillic-100, field = {АБВ эюя}, }

@Type{kana-001, field = {あ}, }
@Type{kana-002, field = {い}, }
@Type{kana-003, field = {う}, }
@Type{kana-004, field = {　}, }
@Type{kana-005, field = {ヱ}, }
@Type{kana-006, field = {ヲ}, }
@Type{kana-007, field = {ン}, }
@Type{kana-100, field = {あいう　ヱヲン}, }

@Type{hanzi-001, field = {一}, }
@Type{hanzi-002, field = {二}, }
@Type{hanzi-003, field = {三}, }
@Type{hanzi-005, field = {捌}, }
@Type{hanzi-006, field = {玖}, }
@Type{hanzi-007, field = {拾}, }
@Type{hanzi-100, field = {一二三　捌玖拾}, }

@Type{fullw-001, field = {＃}, }
@Type{fullw-002, field = {＠}, }
@Type{fullw-003, field = {Ａ}, }
@Type{fullw-004, field = {ｚ}, }
@Type{fullw-005, field = {￡}, }

@Type{symbol-105, field = {●}, }
@Type{symbol-106, field = {△}, }
@Type{symbol-107, field = {■}, }
@Type{symbol-108, field = {◇}, }

