@Type{ascii-000, field = {A}, }
@Type{ascii-001, field = {C}, }
@Type{ascii-002, field = {D}, }
@Type{ascii-003, field = {E}, }
@Type{ascii-005, field = {i}, }
@Type{ascii-006, field = {o}, }
@Type{ascii-007, field = {u}, }
@Type{ascii-008, field = {y}, }

@Type{greek-000, field = {Α}, }
@Type{greek-001, field = {Β}, }
@Type{greek-002, field = {Γ}, }
@Type{greek-003, field = {χ}, }
@Type{greek-004, field = {ψ}, }
@Type{greek-005, field = {ω}, }

@Type{cyrillic-001, field = {А}, }
@Type{cyrillic-002, field = {Б}, }
@Type{cyrillic-003, field = {В}, }
@Type{cyrillic-004, field = {э}, }
@Type{cyrillic-005, field = {ю}, }
@Type{cyrillic-006, field = {я}, }

@Type{kana-001, field = {あ}, }
@Type{kana-002, field = {い}, }
@Type{kana-003, field = {う}, }
@Type{kana-004, field = {　}, }
@Type{kana-005, field = {ヱ}, }
@Type{kana-006, field = {ヲ}, }
@Type{kana-007, field = {ン}, }

@Type{hanzi-001, field = {一}, }
@Type{hanzi-002, field = {二}, }
@Type{hanzi-003, field = {三}, }
@Type{hanzi-005, field = {捌}, }
@Type{hanzi-006, field = {玖}, }
@Type{hanzi-007, field = {拾}, }

