@Type{abc0, field = {ABC xyz}, }
@Type{abc1, field = {ABC xyz.}, }
@Type{abc2, field = {ABC xyz!}, }
@Type{abc3, field = {ABC xyz?}, }
@Type{abc4, field = {ABC xyz,}, }
@Type{abc5, field = {ABC {xyz!}}, }
@Type{abc6, field = {ABC {{xyz?}}}, }

@Type{cyrillic0, field = {АБВ эюя}, }
@Type{cyrillic1, field = {АБВ эюя.}, }
@Type{cyrillic2, field = {АБВ эюя!}, }
@Type{cyrillic3, field = {АБВ эюя?}, }
@Type{cyrillic4, field = {АБВ эюя,}, }
@Type{cyrillic5, field = {АБВ {эюя!}}, }
@Type{cyrillic6, field = {АБВ {{эюя?}}}, }

@Type{aiu0, field = {あいうわおん}, }
@Type{aiu1, field = {あいうわおん。}, }
@Type{aiu2, field = {あいうわおん．}, }
@Type{aiu3, field = {あいうわおん！}, }
@Type{aiu4, field = {あいうわおん？}, }
@Type{aiuA, field = {あいうわおん、}, }
@Type{aiuB, field = {あいうわおん，}, }
@Type{aiuC, field = {あいうわ{おん！}}, }
@Type{aiuD, field = {あいうわ{{おん？}}}, }

